@article{Silver2021,
  doi = {10.1016/j.artint.2021.103535},
  url = {https://doi.org/10.1016/j.artint.2021.103535},
  year = {2021},
  month = oct,
  publisher = {Elsevier {BV}},
  volume = {299},
  pages = {103535},
  author = {David Silver and Satinder Singh and Doina Precup and Richard S. Sutton},
  title = {Reward is enough},
  journal = {Artificial Intelligence}
}